% This file was created with Citavi 6.2.0.12

@misc{.,
 abstract = {Mit Microsoft Power BI Embedded k{\"o}nnen Sie aussagekr{\"a}ftige, vollst{\"a}ndig interaktive Berichte in Ihre Apps integrieren, ohne die Steuerelemente von Grund auf neu erstellen zu m{\"u}ssen.},
 title = {Power BI Embedded -- Analysen | Microsoft Azure},
 url = {https://azure.microsoft.com/de-de/services/power-bi-embedded/},
 keywords = {Azure Power BI;Azure Power BI Embedded},
 lastchecked = {28.01.2019}
}


